<?xml version="1.0" encoding="utf-8"?>
<record xmlns="http://www.loc.gov/MARC21/slim" xmlns:xsi="http://www.w3.org/2001/XMLSchema-instance" xsi:schemaLocation="http://www.loc.gov/MARC21/slim http://www.loc.gov/standards/marcxml/schema/MARC21slim.xsd">
	<leader>     nam a22        4500</leader>
	<controlfield tag="001">5288010</controlfield>
	<controlfield tag="003">NNC</controlfield>
	<controlfield tag="006">m        d        </controlfield>
	<controlfield tag="007">cr cn |||m|||a</controlfield>
	<controlfield tag="008">160323m19009999sy h    od   f000 0carar </controlfield>
	<datafield ind1=" " ind2=" " tag="040">
		<subfield code="a">NNU</subfield>
		<subfield code="b">eng</subfield>
		<subfield code="e">rda</subfield>
		<subfield code="c">NNU</subfield>
	</datafield>
	<datafield ind1=" " ind2=" " tag="043">
		<subfield code="a">aw-----</subfield>
		<subfield code="a">ff-----</subfield>
	</datafield>
	<datafield ind1="0" ind2="0" tag="050">
		<subfield code="a">DS38.4.A2</subfield>
		<subfield code="b">I24 1963</subfield>
	</datafield>
	<datafield ind1="1" ind2=" " tag="100">
		<subfield code="6">880-01</subfield>
		<subfield code="a">Ibn al-Fuwaṭī, ʻAbd al-Razzāq ibn Aḥmad,</subfield>
		<subfield code="d">1244-1323.</subfield>
	</datafield>
	<datafield ind1="1" ind2="0" tag="245">
		<subfield code="6">880-02</subfield>
		<subfield code="a">Talkhīṣ Majmaʻ al-ādāb fī muʻjam al-alqāb /</subfield>
		<subfield code="c">allafahu Ibn al-Fuwaṭī Kamāl al-Dīn Abū al-Faḍl ʻAbd al-Razzāq ibn Tāj al-Dīn A.hmad al-maʻrūf bi-Ibn al-Fuwaṭī al-Shībānī al-Ḥanbalī ; ḥaqqaqahu Muṣṭafá Jawād ʻan nuskhat al-muʼallif al-farīdah al-maḥfūẓah fī Dār al-Kutub al-Ẓāhirīyah bi-Dimashq.</subfield>
	</datafield>
	<datafield ind1="3" ind2="0" tag="246">
		<subfield code="6">880-03</subfield>
		<subfield code="a">Majmaʻ al-ādāb fī muʻjam al-alqāb</subfield>
	</datafield>
	<datafield ind1=" " ind2=" " tag="260">
		<subfield code="6">880-04</subfield>
		<subfield code="a">[Dimashq] :</subfield>
		<subfield code="b">Wizārat al-Thaqāfah wa-al-Irshād al-Qawmī,</subfield>
		<subfield code="c">&lt;1963-1965&gt;</subfield>
	</datafield>
	<datafield ind1=" " ind2=" " tag="300">
		<subfield code="a">online resource (volumes &lt;4, pt. 1-3&gt; in &lt;3 volumes&gt;) :</subfield>
		<subfield code="b">facsimiles</subfield>
	</datafield>
	<datafield ind1=" " ind2=" " tag="336">
		<subfield code="a">text</subfield>
		<subfield code="2">rdacontent</subfield>
	</datafield>
	<datafield ind1=" " ind2=" " tag="337">
		<subfield code="a">computer</subfield>
		<subfield code="2">rdamedia</subfield>
	</datafield>
	<datafield ind1=" " ind2=" " tag="338">
		<subfield code="a">online resource</subfield>
		<subfield code="2">rdacarrier</subfield>
	</datafield>
	<datafield ind1="1" ind2=" " tag="490">
		<subfield code="6">880-05</subfield>
		<subfield code="a">Maṭbūʻāt Mudīrīyat Iḥyāʼ al-Turāth al-Qadīm</subfield>
	</datafield>
	<datafield ind1=" " ind2=" " tag="500">
		<subfield code="a">At head of title: Wizārat al-Thaqāfah wa-al-Irshād al-Qawmī.</subfield>
	</datafield>
	<datafield ind1=" " ind2=" " tag="500">
		<subfield code="a">Part of the Arabic Collections Online (ACO) project, contributed by Columbia University Libraries.</subfield>
	</datafield>
	<datafield ind1=" " ind2=" " tag="533">
		<subfield code="a">Electronic reproduction.</subfield>
		<subfield code="b">New York, N.Y. :</subfield>
		<subfield code="c">New York University,</subfield>
		<subfield code="d">2016.</subfield>
		<subfield code="5">NNU</subfield>
	</datafield>
	<datafield ind1=" " ind2="0" tag="651">
		<subfield code="a">Islamic Empire</subfield>
		<subfield code="v">Biography</subfield>
		<subfield code="v">Dictionaries.</subfield>
	</datafield>
	<datafield ind1=" " ind2="0" tag="650">
		<subfield code="a">Names, Personal</subfield>
		<subfield code="x">Arabic</subfield>
		<subfield code="v">Dictionaries.</subfield>
	</datafield>
	<datafield ind1=" " ind2="0" tag="650">
		<subfield code="a">Names, Personal</subfield>
		<subfield code="z">Islamic Empire</subfield>
		<subfield code="v">Dictionaries</subfield>
		<subfield code="x">Arabic.</subfield>
	</datafield>
	<datafield ind1=" " ind2="7" tag="650">
		<subfield code="a">Names, Personal.</subfield>
		<subfield code="2">fast</subfield>
		<subfield code="0">(OCoLC)fst01032478</subfield>
	</datafield>
	<datafield ind1=" " ind2="7" tag="650">
		<subfield code="a">Names, Personal</subfield>
		<subfield code="x">Arabic.</subfield>
		<subfield code="2">fast</subfield>
		<subfield code="0">(OCoLC)fst01751766</subfield>
	</datafield>
	<datafield ind1=" " ind2="7" tag="651">
		<subfield code="a">Islamic Empire.</subfield>
		<subfield code="2">fast</subfield>
		<subfield code="0">(OCoLC)fst01244134</subfield>
	</datafield>
	<datafield ind1=" " ind2="7" tag="655">
		<subfield code="a">Biography</subfield>
		<subfield code="v">Dictionaries.</subfield>
		<subfield code="2">fast</subfield>
		<subfield code="0">(OCoLC)fst01423824</subfield>
	</datafield>
	<datafield ind1=" " ind2="7" tag="655">
		<subfield code="a">Dictionaries.</subfield>
		<subfield code="2">fast</subfield>
		<subfield code="0">(OCoLC)fst01423826</subfield>
	</datafield>
	<datafield ind1="1" ind2=" " tag="700">
		<subfield code="6">880-06</subfield>
		<subfield code="a">Jawād, Muṣṭafá,</subfield>
		<subfield code="d">1905-1969.</subfield>
	</datafield>
	<datafield ind1="2" ind2=" " tag="710">
		<subfield code="a">Columbia University.</subfield>
		<subfield code="b">Libraries.</subfield>
	</datafield>
	<datafield ind1="0" ind2=" " tag="730">
		<subfield code="a">Arabic Collections Online.</subfield>
	</datafield>
	<datafield ind1="0" ind2="8" tag="776">
		<subfield code="i">Online version:</subfield>
		<subfield code="a">Ibn al-Fuwaṭī, ʻAbd al-Razzāq ibn Aḥmad, 1244-1323.</subfield>
		<subfield code="t">Talkhīṣ Majmaʻ al-ādāb fī muʻjam al-alqāb.</subfield>
		<subfield code="d">[Dimashq] Wizārat al-Thaqāfah wa-al-Irshād al-Qawmī, &lt;1963-&gt;</subfield>
		<subfield code="w">(OCoLC)615592570</subfield>
	</datafield>
	<datafield ind1="0" ind2="8" tag="776">
		<subfield code="i">Print version:</subfield>
		<subfield code="a">Ibn al-Fuwaṭī, ʻAbd al-Razzāq ibn Aḥmad, 1244-1323.</subfield>
		<subfield code="t">Talkhīṣ Majmaʻ al-ādāb fī muʻjam al-alqāb</subfield>
		<subfield code="w">(NNC)5288010</subfield>
		<subfield code="w">(DLC)ne 64003013 </subfield>
		<subfield code="w">(OCoLC)8943928</subfield>
	</datafield>
	<datafield ind1=" " ind2="0" tag="830">
		<subfield code="6">880-07</subfield>
		<subfield code="a">Maṭbūʻāt Mudīrīyat Iḥyāʼ al-Turāth al-Qadīm.</subfield>
	</datafield>
	<datafield ind1="4" ind2="0" tag="856">
		<subfield code="u">http://hdl.handle.net/2333.1/5x69pcpf</subfield>
	</datafield>
	<datafield ind1="1" ind2=" " tag="880">
		<subfield code="6">100-01/r</subfield>
		<subfield code="a">ابن الفوطي، عبد الرزاق بن احمد،,</subfield>
		<subfield code="d">1244-1323.</subfield>
	</datafield>
	<datafield ind1="1" ind2="0" tag="880">
		<subfield code="6">245-02/r</subfield>
		<subfield code="a">تلخيص مجمع الاداب في معجم الالقاب /</subfield>
		<subfield code="c">الفه ابن الفوطي كمال الدين ابو الفضل عبد الرزاق بن تاج الدين ا.همد المعروف بابن الفوطي الشيباني الحنبلي ؛ حققه مصطفى جواد عن نسخة المؤلف الفريدة المحفوظة في دار الكتب الظاهرية بدمشق.</subfield>
	</datafield>
	<datafield ind1="3" ind2="0" tag="880">
		<subfield code="6">246-03/r</subfield>
		<subfield code="a">مجمع الاداب في معجم الالقاب</subfield>
	</datafield>
	<datafield ind1=" " ind2=" " tag="880">
		<subfield code="6">260-04/r</subfield>
		<subfield code="a">[دمشق] :</subfield>
		<subfield code="b">وزارة الثقافة والارشاد القومي،</subfield>
		<subfield code="c">&lt;19631965&gt;</subfield>
	</datafield>
	<datafield ind1="1" ind2=" " tag="880">
		<subfield code="6">490-05/r</subfield>
		<subfield code="a">مطبوعات مديرية احياء التراث القديم</subfield>
	</datafield>
	<datafield ind1="1" ind2=" " tag="880">
		<subfield code="6">700-06/r</subfield>
		<subfield code="a">جواد، مصطفى،,</subfield>
		<subfield code="d">1905-1969.</subfield>
	</datafield>
	<datafield ind1=" " ind2="0" tag="880">
		<subfield code="6">830-07/r</subfield>
		<subfield code="a">مطبوعات مديرية احياء التراث القديم.</subfield>
	</datafield>
	<datafield ind1=" " ind2=" " tag="959">
		<subfield code="a">NNU</subfield>
		<subfield code="b">WEB</subfield>
		<subfield code="c">GENI</subfield>
		<subfield code="t">0</subfield>
		<subfield code="m">Electronic access</subfield>
		<subfield code="s">01</subfield>
	</datafield>
	<datafield ind1=" " ind2=" " tag="999">
		<subfield code="i">NNC_5288010</subfield>
		<subfield code="o">(OCoLC)ocm08943928 </subfield>
		<subfield code="s">columbia_aco001717:v.6</subfield>
	</datafield>
</record>
